<collection xmlns="http://www.loc.gov/MARC21/slim">
<record>
  <leader>01526nam0a22002891i 450 </leader>
  <controlfield tag="001">IT\ICCU\CNCE\024768</controlfield>
  <controlfield tag="005">20200128000000.0</controlfield>
  <datafield tag="012" ind1=" " ind2=" ">
    <subfield code="a">r-u- 7575 hel- nudi (3) 1561 (R)</subfield>
    <subfield code="2">fei</subfield>
  </datafield>
  <datafield tag="100" ind1=" " ind2=" ">
    <subfield code="a">19970911d1561        0itac0103    ba</subfield>
  </datafield>
  <datafield tag="101" ind1=" " ind2=" ">
    <subfield code="a">ITA</subfield>
  </datafield>
  <datafield tag="102" ind1=" " ind2=" ">
    <subfield code="a">IT</subfield>
  </datafield>
  <datafield tag="200" ind1="1" ind2=" ">
    <subfield code="a">Delle cose notabili che sono in Venetia libri due ne quali ampiamente, e con ogni verit,̉ si contengono usanze antiche. Habiti &amp; vestiti. Officii e magistrati. Vittorie illustri. Senatori famosi. Huomini letterati. Principi e vita loro. Tutti i patriarchi. Musici di piu sorti. Fabriche e palazzi. Scultori e loro opere. Pittori &amp; pitture</subfield>
  </datafield>
  <datafield tag="210" ind1=" " ind2=" ">
    <subfield code="a">In Venetia</subfield>
    <subfield code="c">per Comin da Trino di Monferrato</subfield>
    <subfield code="d">1561</subfield>
    <subfield code="e">In Venetia</subfield>
    <subfield code="g">per Comin da Trino di Monferrato</subfield>
    <subfield code="h">1561</subfield>
  </datafield>
  <datafield tag="215" ind1=" " ind2=" ">
    <subfield code="a">\8!, 79, \1! c.</subfield>
    <subfield code="d">8ʻ</subfield>
  </datafield>
  <datafield tag="620" ind1=" " ind2=" ">
    <subfield code="a">IT</subfield>
    <subfield code="d">Venezia</subfield>
  </datafield>
  <datafield tag="700" ind1=" " ind2="1">
    <subfield code="a">Sansovino,</subfield>
    <subfield code="b">Francesco</subfield>
    <subfield code="3">IT\ICCU\CNCA\000140</subfield>
  </datafield>
  <datafield tag="712" ind1="0" ind2="2">
    <subfield code="a">Comin da Trino</subfield>
    <subfield code="3">IT\ICCU\CNCT\000112</subfield>
    <subfield code="4">650</subfield>
  </datafield>
  <datafield tag="790" ind1=" " ind2="1">
    <subfield code="a">Tatti,</subfield>
    <subfield code="b">Giovanni</subfield>
    <subfield code="3">IT\ICCU\CNCA\018531</subfield>
    <subfield code="z">Sansovino, Francesco</subfield>
  </datafield>
  <datafield tag="790" ind1=" " ind2="1">
    <subfield code="a">Guisconi,</subfield>
    <subfield code="b">Anselmo</subfield>
    <subfield code="3">IT\ICCU\CNCA\026417</subfield>
    <subfield code="z">Sansovino, Francesco</subfield>
  </datafield>
  <datafield tag="791" ind1="0" ind2="2">
    <subfield code="a">Cominus de Tridino</subfield>
    <subfield code="3">IT\ICCU\CNCT\004645</subfield>
    <subfield code="z">Comin da Trino</subfield>
  </datafield>
  <datafield tag="791" ind1="0" ind2="0">
    <subfield code="a">Trino, Comin</subfield>
    <subfield code="3">IT\ICCU\CNCT\004646</subfield>
    <subfield code="z">Comin da Trino</subfield>
  </datafield>
  <datafield tag="801" ind1=" " ind2="3">
    <subfield code="a">IT</subfield>
    <subfield code="b">ICCU</subfield>
    <subfield code="c">20201114</subfield>
  </datafield>
  <datafield tag="899" ind1=" " ind2=" ">
    <subfield code="a">Biblioteca civica A. Mai. Bergamo</subfield>
    <subfield code="1">BG0026</subfield>
    <subfield code="2">LO1 02</subfield>
  </datafield>
  <datafield tag="899" ind1=" " ind2=" ">
    <subfield code="a">Biblioteca romana. Roma</subfield>
    <subfield code="1">RM0275</subfield>
    <subfield code="2">RMR AC</subfield>
  </datafield>
  <datafield tag="899" ind1=" " ind2=" ">
    <subfield code="a">Biblioteca Hertziana. Roma</subfield>
    <subfield code="1">RM0724</subfield>
    <subfield code="2">ZRM 16</subfield>
  </datafield>
  <datafield tag="899" ind1=" " ind2=" ">
    <subfield code="a">Biblioteca civica. Vercelli</subfield>
    <subfield code="1">VC0073</subfield>
    <subfield code="2">TO0 A2</subfield>
  </datafield>
  <datafield tag="899" ind1=" " ind2=" ">
    <subfield code="a">Biblioteca nazionale Marciana. Venezia</subfield>
    <subfield code="1">VE0049</subfield>
    <subfield code="2">VEA BM</subfield>
  </datafield>
</record>
</collection>
